@Article{Sertel1999,
	author = {Sertel, Murat R. and Yılmaz, Bilge},
	journal = {Social Choice and Welfare},
	title  = {The majoritarian compromise is majoritarian-optimal and subgame-perfect implementable},
	year   = {1999},
	issn   = {0176-1714},
	pages  = {615-627},
	volume = {16},
	doi    = {10.1007/s003550050164},
}

@Article{Brams2001,
	author   = {Brams, Steven J. and Kilgour,D. Marc},
	journal  = {Group Decision and Negotiation},
	title    = {Fallback Bargaining},
	year     = {2001},
	month    = {Jul},
	number   = {4},
	pages    = {287--316},
	volume   = {10},
	day      = {01},
	doi      = {10.1023/A:1011252808608},
}

@Article{Bassett1999,
	author    = {Bassett, Gilbert W. and Persky, Joseph},
	journal   = {Public Choice},
	title     = {Robust voting},
	year      = {1999},
	number    = {3-4},
	pages     = {299--310},
	volume    = {99},
	publisher = {Springer},
	doi = {10.1023/A:1018324807861},
}

@article{Bassett1994,
	author = {Bassett, Gilbert W.  and  Persky, Joseph},
	title = {Rating Skating},
	journal = {Journal of the American Statistical Association},
	volume = {89},
	number = {427},
	pages = {1075-1079},
	year  = {1994},
	publisher = {Taylor & Francis},
	doi = {10.1080/01621459.1994.10476845}
}

@Article{Gehrlein2003,
	author    = {Gehrlein,William V. and Lepelley,Dominique},
	journal   = {Public Choice},
	title     = {On Some Limitations of the Median Voting Rule},
	year      = {2003},
	issn      = {00485829, 15737101},
	number    = {1/2},
	pages     = {177--190},
	volume    = {117},
	publisher = {Springer},
	doi = {10.1023/A:1026147319249},
}

@article{Barthelemy1981,
	title = {The median procedure in cluster analysis and social choice theory},
	journal = {Mathematical Social Sciences},
	volume = {1},
	number = {3},
	pages = {235-267},
	year = {1981},
	issn = {0165-4896},
	doi = {https://doi.org/10.1016/0165-4896(81)90041-X},
	author = {Jean Pierre Barthelemy and Bernard Monjardet}
}

@Article{Nehring2022,
	author={Nehring, Klaus and Pivato, Marcus},
	title={The median rule in judgement aggregation},
	journal={Economic Theory},
	year={2022},
	month={Jun},
	day={01},
	volume={73},
	number={4},
	pages={1051-1100},
	issn={1432-0479},
	doi={10.1007/s00199-021-01348-7}
}

@inproceedings{Conitzer2005,
	author = {Conitzer, Vincent and Sandholm, Tuomas},
	title = {Communication Complexity of Common Voting Rules},
	year = {2005},
	doi = {10.1145/1064009.1064018},
	booktitle = {Proceedings of EC'05}
}

@InProceedings{Konczak05,
	Title = {Voting Procedures with Incomplete Preferences},
	Author = {Konczak,Kathrin and Lang,Jerome},
	Booktitle = {IJCAI'05},
	Year = {2005}
}

@Article{Kalech2011,
	Title = {Practical voting rules with partial information},
	Author = {Kalech,Meir and Kraus,Sarit and Kaminka,Gal A. and Goldman,Claudia V.},
	Journal = {Autonomous Agents and Multi-Agent Systems},
	Year = {2011},
	doi = {10.1007/s10458-010-9133-6}
}

@inproceedings{Lu2011,
	author = {Lu, Tyler and Boutilier, Craig},
	year = {2011},
	title = {Robust Approximation and Incremental Elicitation in Voting Protocols},
	booktitle = {Proceedings of IJCAI'11},
	doi = {10.5591/978-1-57735-516-8/IJCAI11-058}
}

@inproceedings{Bachrach2010,
	author = {Bachrach, Yoram and Betzler, Nadja and Faliszewski, Piotr},
	title = {Probabilistic Possible Winner Determination},
	year = {2010},
	publisher = {AAAI Press},
	booktitle = {Proceedings of the Twenty-Fourth AAAI Conference on Artificial Intelligence},
	pages = {697–702},
	numpages = {6},
	location = {Atlanta, Georgia},
	series = {AAAI'10},
	doi={10.5555/2898607.2898720}
}

@article{Conitzer2002,
	author = {Conitzer, Vincent and Sandholm, Tuomas},
	year = {2002},
	month = {06},
	pages = {},
	title = {Vote Elicitation: Complexity and Strategy-Proofness},
	journal = {Proceedings of the National Conference on Artificial Intelligence},
	doi={10.48550/arXiv.cs/0205073}
}

@inproceedings{Walsh2009,
	author = {Walsh, Toby},
	title = {Complexity of Terminating Preference Elicitation},
	year = {2008},
	booktitle = {Proceedings of AAMAS'08},
	url ={https://dl.acm.org/doi/abs/10.5555/1402298.1402357}
}

@inproceedings{Varloot2022,
	author = {Varloot, Estelle Marine and Laraki, Rida},
	title = {Level-Strategyproof Belief Aggregation Mechanisms},
	year = {2022},
	publisher = {Association for Computing Machinery},
	address = {New York, NY, USA},
	doi = {10.1145/3490486.3538309},
	booktitle = {Proceedings of the 23rd ACM Conference on Economics and Computation},
	pages = {335–369},
	numpages = {35},
	series = {EC '22}
}

@article {Balinski2007,
	author = {Balinski, Michel and Laraki, Rida},
	title = {A theory of measuring, electing, and ranking},
	volume = {104},
	number = {21},
	pages = {8720--8725},
	year = {2007},
	doi = {10.1073/pnas.0702634104},
	journal = {Proceedings of the National Academy of Sciences}
}


@book{Balinski2011,
	author = {Balinski, Michel and Laraki, Rida},
	title = "{Majority Judgment: Measuring, Ranking, and Electing}",
	publisher = {The MIT Press},
	year = {2011},
	month = {01},
	isbn = {9780262295604},
	doi = {10.7551/mitpress/9780262015134.001.0001},
}

@article{Partha2008,
	author = {Dasgupta, Partha and Maskin, Eric},
	title = "{On the Robustness of Majority Rule}",
	journal = {Journal of the European Economic Association},
	volume = {6},
	number = {5},
	pages = {949-973},
	year = {2008},
	month = {09},
	issn = {1542-4766},
	doi = {10.1162/JEEA.2008.6.5.949},
}

@article{Balinski2019,
	author = {Michel Balinski},
	journal = {Revue économique},
	number = {4},
	pages = {589--610},
	publisher = {Sciences Po University Press},
	title = {Réponse à des critiques du jugement majoritaire},
	volume = {70},
	year = {2019},
	doi = {https://doi.org/10.3917/reco.704.0589}
}

@misc{petition2020,
	author = {Louis Hervé Félix LE LANN},
	title = {Petition Senate},
	year = {2020},
	url = {www.petitions.senat.fr/initiatives/i-496},
}

@misc{MieuxVoterElection2022,
	author = {MieuxVoter},
	title = {Mieux Voter 2022 Que retenir de notre consultation sur les	candidats à l’élection présidentielle ?},
	year = {2022},
	url={https://mieuxvoter2022.fr/rapport-premier-tour.pdf}
}

@misc{UAVElection2022,
	author = {Delemazure, Théo and Bouveret, Sylvain},
	title = {Un Autre Vote Résultats 2022},
	year = {2022},
	url={https://mieuxvoter2022.fr/rapport-premier-tour.pdf}
}

@unpublished{Laslier2018,
	title = {The strange "Majority Judgment"},
	author = {Laslier, Jean-Fran{\c c}ois},
	url = {https://hal.archives-ouvertes.fr/hal-01965227},
	year = {2018},
	HAL_ID = {hal-01965227},
	HAL_VERSION = {v1},
	note = {unpublished}
}

@misc{MV,
	author = {MieuxVoter},
	url = {www.mieuxvoter.fr},
	year ={2022}
}

@misc{LaPrimaire,
	author = {LaPrimaire.org},
	url = {https://laprimaire.org/},
	year ={2016}
}

@article{Felsenthal2008,
	author = {Felsenthal, Dan and Machover, Moshé},
	year = {2008},
	month = {01},
	pages = {},
	title = {The Majority Judgment Voting Procedure: A Critical Evaluation1},
	volume = {25},
	journal = {Homo oeconomicus},
	url = {http://eprints.lse.ac.uk/24213/}
}

@article{Fishburn1983,
	author = {Peter C. Fishburn and Steven J. Brams},
	journal = {Mathematics Magazine},
	number = {4},
	pages = {207--214},
	publisher = {Mathematical Association of America},
	title = {Paradoxes of Preferential Voting},
	volume = {56},
	year = {1983},
	doi= {10.2307/2689808}
}

@Article{Galton1907a,
	author={Galton, Francis},
	title={One Vote, One Value},
	journal={Nature},
	year={1907},
	month={Feb},
	day={01},
	volume={75},
	number={1948},
	pages={414-414},
	doi={10.1038/075414a0}
}

@Article{Galton1907b,
	author={Galton, Francis},
	title={Vox Populi},
	journal={Nature},
	year={1907},
	month={Mar},
	day={01},
	volume={75},
	number={1949},
	pages={450-451},
	doi={10.1038/075450a0}
}

@Article{Sertel1986,
	author  = {Sertel, Murat R.},
	journal = {Bo{\u{g}}azi{\c{c}}i University, {\.I}stanbul},
	title   = {Lecture notes on microeconomics (unpublished)},
	year    = {1986},
}

@book{Hoag1926,
	publisher = {The Macmillan Company},
	booktitle = {Proportional representation},
	year = {1926},
	title = {Proportional representation},
	address = {New York},
	author = {Hoag, Clarence Gilbert and Hallett, George Hervey},
}